@ARTICLE{brownlee_2020,
	author = {Brownlee, Jason},
	title = {How to Implement a Semi-Supervised GAN (SGAN) From Scratch in Keras},
	year = {2020},
	month = {Sep},
	journal={Machine Learning Mastery},
	url = {https://machinelearningmastery.com/semi-supervised-generative-adversarial-network/}
}

@ARTICLE{yang_2019,
	author = {Yang, David},
	title = {Tutorial 2: 94\% accuracy on Cifar10 in 2 minutes},
	url = {https://medium.com/fenwicks/tutorial-2-94-accuracy-on-cifar10-in-2-minutes-7b5aaecd9cdd},
	journal={Medium},
	year = {2019},
	month = {May}
}

@ARTICLE{analytics_vidhya_2021,
	title = {Lenet-5: Lenet-5 Architecture: Introduction to Lenet-5},
	url = {https://www.analyticsvidhya.com/blog/2021/03/the-architecture-of-lenet-5/},
	journal={Analytics Vidhya},
	year = {2021},
	month = {Mar}
}

@ARTICLE{hussain_2020,
	author = {Yang, David},
	title = {Building a Convolutional Neural Network: Male vs Female},
	url = {https://towardsdatascience.com/building-a-convolutional-neural-network-male-vs-female-50347e2fa88b},
	journal={Medium},
	publisher={Towards Data Science},
	year = {2020},
	month = {Apr}
} % this explains how CNN works


